@article{tsao2010solid,
  title={Solid-state lighting: an integrated human factors, technology, and economic perspective},
  author={Tsao, Jeffrey Y and Coltrin, Michael E and Crawford, Mary H and Simmons, Jerry A},
  journal={Proceedings of the IEEE},
  volume={98},
  number={7},
  pages={1162--1179},
  year={2010},
  publisher={IEEE},
  doi={10.1109/JPROC.2009.2031669},
}
@article{Taki2019,
  doi = {10.1149/2.0402001jss},
  year = {2019},
  publisher = {The Electrochemical Society},
  volume = {9},
  number = {1},
  pages = {015017},
  author = {Tetsuya Taki and Martin Strassburg},
  title = {Review{\textemdash}Visible {LEDs}: More than Efficient Light},
  journal = {{ECS} Journal of Solid State Science and Technology}
}
@techreport{pattison2017solid,
  title={Solid-State Lighting 2017 Suggested Research Topics Supplement: Technology and Market Context},
  author={Pattison, Morgan},
  year={2017},
  institution={Dept. of Energy Washington, DC (United States). EERE Publication and Product~â€¦},
  doi={10.2172/1413868},
}